@article{piaget1969psychology,
  title={The psychology of the child Basic Books},
  author={Piaget, Jean and Inhelder, Barbel},
  journal={Inc New York},
  year={1969}
}


@book{2vygotsky1978mind,
  title={Mind in society: The development of higher psychological processes},
  author={Vygotsky, Lev S},
  volume={86},
  year={1978},
  publisher={Harvard university press}
}

@misc{3matthews2003drawing,
  title={Drawing and painting: Children and visual representation},
  author={Matthews, J},
  year={2003},
  publisher={Paul Chapman publishing}
}

@article{4eisner2003arts,
  title={The arts and the creation of mind},
  author={Eisner, Elliot W},
  journal={Language arts},
  volume={80},
  number={5},
  pages={340--344},
  year={2003},
  publisher={NCTE}
}

@book{5winner2019art,
  title={How art works: A psychological exploration},
  author={Winner, Ellen},
  year={2019},
  publisher={Oxford University Press, USA}
}

@book{6cox2005pictorial,
  title={The pictorial world of the child},
  author={Cox, Maureen},
  year={2005},
  publisher={Cambridge University Press}
}

@article{7wainwright2020playful,
  title={Playful pedagogy for deeper learning: exploring the implementation of the play-based foundation phase in Wales},
  author={Wainwright, Nalda and Goodway, Jackie and Whitehead, Margaret and Williams, Andy and Kirk, David},
  journal={Early child development and care},
  volume={190},
  number={1},
  pages={43--53},
  year={2020},
  publisher={Taylor \& Francis}
}

@book{8singer2009imagination,
  title={Imagination and play in the electronic age},
  author={Singer, Dorothy G and Singer, Jerome L},
  year={2009},
  publisher={Harvard University Press}
}

@article{9jeynes2016meta,
  title={Meta-analysis on the roles of fathers in parenting: Are they unique?},
  author={Jeynes, William H},
  journal={Marriage \& Family Review},
  volume={52},
  number={7},
  pages={665--688},
  year={2016},
  publisher={Taylor \& Francis}
}

@incollection{10thompson2007culture,
  title={The culture of childhood and the visual arts},
  author={Thompson, Christine Marm{\'e}},
  booktitle={International handbook of research in arts education},
  pages={899--916},
  year={2007},
  publisher={Springer}
}

@article{11chamberlain2014drawing,
  title={Drawing on the right side of the brain: A voxel-based morphometry analysis of observational drawing},
  author={Chamberlain, Rebecca and McManus, I Chris and Brunswick, Nicola and Rankin, Qona and Riley, Howard and Kanai, Ryota},
  journal={NeuroImage},
  volume={96},
  pages={167--173},
  year={2014},
  publisher={Elsevier}
}

@article{12bolwerk2014art,
  title={How art changes your brain: Differential effects of visual art production and cognitive art evaluation on functional brain connectivity},
  author={Bolwerk, Anne and Mack-Andrick, Jessica and Lang, Frieder R and D{\"o}rfler, Arnd and Maih{\"o}fner, Christian},
  journal={PloS one},
  volume={9},
  number={7},
  pages={e101035},
  year={2014},
  publisher={Public Library of Science}
}

@article{13wilson1982teaching,
  title={Teaching children to draw: A guide for teachers \& parents},
  author={Wilson, Marjorie and Wilson, Brent},
  journal={(No Title)},
  year={1982}
}

@book{14sheridan2022studio,
  title={Studio thinking 3: The real benefits of visual arts education},
  author={Sheridan, Kimberly M and Veenema, Shirley and Winner, Ellen and Hetland, Lois},
  year={2022},
  publisher={Teachers College Press}
}

@article{15gardner1990art,
  title={Art education and human development},
  author={Gardner, Howard},
  journal={The Getty Center for Education in the Arts},
  year={1990}
}